<?xml version="1.0" encoding="UTF-8"?><record xmlns="http://www.loc.gov/MARC21/slim" xmlns:cinclude="http://apache.org/cocoon/include/1.0" xmlns:zs="http://www.loc.gov/zing/srw/">
  <leader>00785cz  a2200181n  4500</leader>
  <controlfield tag="001">no2011051448</controlfield>
  <controlfield tag="003">DLC</controlfield>
  <controlfield tag="005">20130526075237.0</controlfield>
  <controlfield tag="008">110331n| azannaabn          |a aaa     c</controlfield>
  <datafield tag="010" ind1=" " ind2=" ">
    <subfield code="a">no2011051448</subfield>
  </datafield>
  <datafield tag="035" ind1=" " ind2=" ">
    <subfield code="a">(OCoLC)oca08815340</subfield>
  </datafield>
  <datafield tag="040" ind1=" " ind2=" ">
    <subfield code="a">CtY-Mus</subfield>
    <subfield code="b">eng</subfield>
    <subfield code="e">rda</subfield>
    <subfield code="c">CtY-Mus</subfield>
    <subfield code="d">DLC</subfield>
    <subfield code="d">IEN-Mu</subfield>
  </datafield>
  <datafield tag="100" ind1="1" ind2=" ">
    <subfield code="a">Rossini, Gioacchino,</subfield>
    <subfield code="d">1792-1868.</subfield>
    <subfield code="t">Variations,</subfield>
    <subfield code="m">clarinet, violins (2), viola, cello, orchestra,</subfield>
    <subfield code="r">F major</subfield>
  </datafield>
  <datafield tag="382" ind1=" " ind2=" ">
    <subfield code="a">clarinet</subfield>
    <subfield code="a">violins (2)</subfield>
    <subfield code="a">viola</subfield>
    <subfield code="a">cello</subfield>
    <subfield code="a">orchestra</subfield>
  </datafield>
  <datafield tag="384" ind1="0" ind2=" ">
    <subfield code="a">F major</subfield>
  </datafield>
  <datafield tag="400" ind1="1" ind2=" ">
    <subfield code="w">nnea</subfield>
    <subfield code="a">Rossini, Gioacchino,</subfield>
    <subfield code="d">1792-1868.</subfield>
    <subfield code="t">Variations,</subfield>
    <subfield code="m">clarinet, strings, orchestra,</subfield>
    <subfield code="r">F major</subfield>
  </datafield>
  <datafield tag="670" ind1=" " ind2=" ">
    <subfield code="a">Rossini, G. Variazioni a piuĚ strumenti obbligati, 2011.</subfield>
  </datafield>
  <datafield tag="670" ind1=" " ind2=" ">
    <subfield code="a">Grove music online, Mar. 31, 2011</subfield>
    <subfield code="b">(Variazioni a piuĚ istrumenti obbligati, F, 2 vn, va, vc, cl, orch, c1809)</subfield>
  </datafield>
</record>